@article{finney1947estimation,
  title={The estimation from individual records of the relationship between dose and quantal response},
  author={Finney, D. J.},
  journal={Biometrika},
  volume={34},
  number={3/4},
  pages={320--334},
  year={1947},
  publisher={JSTOR}
}

@article{albert1993bayesian,
  title={Bayesian analysis of binary and polychotomous response data},
  author={Albert, James H and Chib, Siddhartha},
  journal={Journal of the American statistical Association},
  volume={88},
  number={422},
  pages={669--679},
  year={1993},
  publisher={Taylor \& Francis Group}
}
